@book{aiw,
    title = "Alice's Adventures in Wonderland",
    author = "Lewis Carroll",
    publisher = "George MacDonald",
    year = 1865
}
@techreport{nist_sp800-92,
  author      = {Karen Kent and Murugiah Souppaya},
  title       = {Guide to Computer Security Log Management},
  institution = {National Institute of Standards and Technology},
  year        = {2006},
  number      = {SP 800-92},
  address     = {Gaithersburg, MD},
  month       = {September},
  doi         = {10.6028/NIST.SP.800-92}
}
@book{chapple_cybersecurity,
  author    = {Mike Chapple and David Seidl},
  title     = {Cybersecurity and Incident Response},
  publisher = {Jones \& Bartlett Learning},
  year      = {2021},
  edition   = {3rd}
}

@article{kruse_healthcare_cybersecurity,
  author  = {Csaba S. Kruse and Brian L. Frederick and Thomas L. Jacobson and D. K. Monticone},
  title   = {Cybersecurity in healthcare: A systematic review of modern threats and trends},
  journal = {Technology and Health Care},
  year    = {2017},
  volume  = {25},
  number  = {1},
  pages   = {1--10},
  doi     = {10.3233/THC-161263}
}
@techreport{gartner_siem_2022,
  author    = {Pete Shoard and Andrew Davies and Mitchell Schneider},
  title     = {Magic Quadrant for Security Information and Event Management},
  institution = {Gartner, Inc.},
  year      = {2022},
  month     = {October},
  note      = {Report ID G00763863}
}
@misc{elastic_stack,
  author = {{Elastic}},
  title  = {The Elastic Stack: Find actionable insights from your data},
  year   = {2023},
  howpublished = {\url{https://www.elastic.co/elastic-stack}},
  note = {Accessed: October 2, 2025}
}
@misc{wazuh_docs,
  author = {{Wazuh Team}},
  title  = {Wazuh Documentation},
  year   = {2023},
  howpublished = {\url{https://documentation.wazuh.com/}},
  note = {Accessed: October 2, 2025}
}